@article{dowd2011estimating,
  title={Estimating behavioral parameters in animal movement models using a state-augmented particle filter},
  author={Dowd, Michael and Joy, Ruth},
  journal={Ecology},
  volume={92},
  number={3},
  pages={568--575},
  year={2011},
  publisher={Wiley Online Library}
}
@book{chopin2020introduction,
  title={An introduction to sequential Monte Carlo},
  author={Chopin, Nicolas and Papaspiliopoulos, Omiros and others},
  year={2020},
  publisher={Springer}
}
